@article{wars1977episode,
  title={Episode IV-A New Hope},
  author={Wars, Star},
  journal={Dir. George Lucas. Twentieth Century Fox Film Corporation},
  year={1977}
}
